<?xml version="1.0" encoding="UTF-8"?><collection xmlns="http://www.loc.gov/MARC21/slim"><record><leader>00380nam--2200133-i-4500</leader><controlfield tag="001">000017066</controlfield><controlfield tag="002">20161230</controlfield><controlfield tag="005">20161230201032</controlfield><controlfield tag="008">060222s1000------------r-----000-0-eng-d</controlfield><datafield ind1=" " ind2=" " tag="080"><subfield code="a">929:52(092)(01)</subfield></datafield><datafield ind1=" " ind2=" " tag="100"><subfield code="a">Armitage, Angus</subfield></datafield><datafield ind1=" " ind2=" " tag="245"><subfield code="a">The world of copernicus. (original title: sun, stand, thou still)</subfield></datafield><datafield ind1=" " ind2=" " tag="260"><subfield code="a">New York, The New American Library, 1947 165 P</subfield></datafield><datafield ind1=" " ind2=" " tag="852"><subfield code="a">79895</subfield></datafield></record></collection>